@INPROCEEDINGS{AuthorJM,
  author={J. {Pereira} and M. {Silveira}},
  booktitle={2018 17th IEEE International Conference on Machine Learning and Applications (ICMLA)}, 
  title={Unsupervised Anomaly Detection in Energy Time Series Data Using Variational Recurrent Autoencoders with Attention}, 
  year={2018},
  volume={},
  number={},
  pages={1275-1282},}

@article{AuthorSI,
 author = {S.I. Chang and E.S. Ho},
 title = {A two-stage neural network approach for process variance change detection and classification},
 journal = {Int. J. Prod. Res},
 volume = 37,
 number = 7,
 pages = {1581â€“1599},
 year = 1999
}

@article{AuthorPotes,
author = {Potes, Cristhian and et al},
title = {Ensemble of feature-based and deep learning-based classifiers for detection of abnormal heart sounds},
journal = {2016 Computing in Cardiology Conference (CinC), IEEE},
year = 2016
}

@article{AuthorDu,
author = {Du, Min and et al},
title = {Deeplog: Anomaly detection and diagnosis from system logs through deep learning},
journal = {Proceedings of the 2017 ACM SIGSAC Conference on Computer and Communications Security},
year = 2017
}

@article{AuthorRZ,
author = {R. Zhao and R. Yan and Z. Chen and K. Mao and  P. Wang and R.X. Gao},
title = {Deep learning and its applications to machine health monitoring: a survey},
journal = {arXiv preprint arXiv},
volume = 1612,
num = 07640,
year = 2016
}

@article{AuthorKa,
author = {Kamper, Herman and et al},
title = {Unsupervised neural network-based feature extraction using weak top-down constraints},
journal = {International Conference on Acoustics, Speech and Signal Processing (ICASSP), IEEE},
year = 2015 
}

@incollection{NIPS2017_7181,
title = {Attention is All you Need},
author = {Vaswani, Ashish and Shazeer, Noam and Parmar, Niki and Uszkoreit, Jakob and Jones, Llion and Gomez, Aidan N and Kaiser, \L ukasz and Polosukhin, Illia},
booktitle = {Advances in Neural Information Processing Systems 30},
editor = {I. Guyon and U. V. Luxburg and S. Bengio and H. Wallach and R. Fergus and S. Vishwanathan and R. Garnett},
pages = {5998--6008},
year = {2017},
publisher = {Curran Associates, Inc.},
url = {http://papers.nips.cc/paper/7181-attention-is-all-you-need.pdf}
}

